@misc{Misc:zensor_official_website,
  author = {Maarten and Yves},
  title = {Zensor: our approach},
  year = {2022},
  url = {https://www.zensor.be/our-approach},
  note = "[Online; accessed 16-January-2022]"
}

@misc{Misc:stoffels_en_website,
  author = {@2022 Stoffels Tomaten},
  title = {Stoffels About},
  year = {2022},
  url = {https://www.stoffels-tomaten.be/en/about-stoffels},
  note = "[Online; accessed 23-January-2022]"
}

@misc{Misc:stumabo_en_website,
  author = {@2022 Stumabo},
  title = {Stumabo},
  year = {2022},
  url = {https://www.stumabo.com/en},
  note = "[Online; accessed 23-January-2022]"
}

% Examples entries
@book{Report:eurostat/energy_transport_environment_2020,
  author    = {Eurostat},
  title     = {Energy, transport and environment statistics â€” 2020 edition},
  publisher = {Publications Office of the European Union},
  pages     = {51--92},
  year      = {2020},
  doi       = {10.2785/522192},
  isbn      = {978-9276207368}
}
@techreport{Report:fsi/financial_report_2019,
  author      = {{Direzione Centrale Amministrazione, Bilancio, Fiscale e Controllo}},
  title       = {Relazione finanziaria annuale 2019},
  institution = {Ferrovie dello Stato Italiane S.p.A.},
  year        = {2019},
  type        = {Relazione finanziaria},
  url         = {https://www.fsitaliane.it/content/fsitaliane/it/investor-relations/relazioni-finanziarie.html}
}
@article{DBLP:journals/ijcv/RussakovskyDSKS15,
  author    = {Olga Russakovsky and
               Jia Deng and
               Hao Su and
               Jonathan Krause and
               Sanjeev Satheesh and
               Sean Ma and
               Zhiheng Huang and
               Andrej Karpathy and
               Aditya Khosla and
               Michael S. Bernstein and
               Alexander C. Berg and
               Fei{-}Fei Li},
  title     = {ImageNet Large Scale Visual Recognition Challenge},
  journal   = {Int. J. Comput. Vis.},
  volume    = {115},
  number    = {3},
  pages     = {211--252},
  year      = {2015},
  url       = {https://doi.org/10.1007/s11263-015-0816-y},
  doi       = {10.1007/s11263-015-0816-y},
  timestamp = {Mon, 01 Feb 2021 18:33:34 +0100},
  biburl    = {https://dblp.org/rec/journals/ijcv/RussakovskyDSKS15.bib},
  bibsource = {dblp computer science bibliography, https://dblp.org}
}
@inproceedings{DBLP:journals/corr/SimonyanZ14a,
  author    = {Karen Simonyan and
               Andrew Zisserman},
  editor    = {Yoshua Bengio and
               Yann LeCun},
  title     = {Very Deep Convolutional Networks for Large-Scale Image Recognition},
  booktitle = {3rd International Conference on Learning Representations, {ICLR} 2015,
               San Diego, CA, USA, May 7-9, 2015, Conference Track Proceedings},
  year      = {2015},
  url       = {http://arxiv.org/abs/1409.1556},
  timestamp = {Wed, 17 Jul 2019 10:40:54 +0200},
  biburl    = {https://dblp.org/rec/journals/corr/SimonyanZ14a.bib},
  bibsource = {dblp computer science bibliography, https://dblp.org}
}
